@article{leiserson2015magi,
  title={MAGI: visualization and collaborative annotation of genomic aberrations},
  author={Leiserson, Mark DM and Gramazio, Connor C and Hu, Jason and Wu, Hsin-Ta and Laidlaw, David H and Raphael, Benjamin J},
  journal={Nature methods},
  volume={12},
  number={6},
  pages={483},
  year={2015},
  publisher={Nature Publishing Group}
}
@article{chelaru2014epiviz,
  title={Epiviz: interactive visual analytics for functional genomics data},
  author={Chelaru, Florin and Smith, Llewellyn and Goldstein, Naomi and Bravo, H{\'e}ctor Corrada},
  journal={Nature methods},
  volume={11},
  number={9},
  pages={938},
  year={2014},
  publisher={Nature Publishing Group}
}
@article{taylor2013dna,
  title={DNA deaminases induce break-associated mutation showers with implication of APOBEC3B and 3A in breast cancer kataegis},
  author={Taylor, Benjamin JM and Nik-Zainal, Serena and Wu, Yee Ling and Stebbings, Lucy A and Raine, Keiran and Campbell, Peter J and Rada, Cristina and Stratton, Michael R and Neuberger, Michael S},
  journal={Elife},
  volume={2},
  year={2013},
  publisher={eLife Sciences Publications, Ltd}
}
@article{maciejowski2015chromothripsis,
  title={Chromothripsis and kataegis induced by telomere crisis},
  author={Maciejowski, John and Li, Yilong and Bosco, Nazario and Campbell, Peter J and de Lange, Titia},
  journal={Cell},
  volume={163},
  number={7},
  pages={1641--1654},
  year={2015},
  publisher={Elsevier}
}
@article{alexandrov2013signatures,
  title={Signatures of mutational processes in human cancer},
  author={Alexandrov, Ludmil B and Nik-Zainal, Serena and Wedge, David C and Aparicio, Samuel AJR and Behjati, Sam and Biankin, Andrew V and Bignell, Graham R and Bolli, Niccolo and Borg, Ake and B{\o}rresen-Dale, Anne-Lise and others},
  journal={Nature},
  volume={500},
  number={7463},
  pages={415},
  year={2013},
  publisher={Nature Publishing Group}
}
@article{alexandrov2016mutational,
  title={Mutational signatures associated with tobacco smoking in human cancer},
  author={Alexandrov, Ludmil B and Ju, Young Seok and Haase, Kerstin and Van Loo, Peter and Martincorena, I{\~n}igo and Nik-Zainal, Serena and Totoki, Yasushi and Fujimoto, Akihiro and Nakagawa, Hidewaki and Shibata, Tatsuhiro and others},
  journal={Science},
  volume={354},
  number={6312},
  pages={618--622},
  year={2016},
  publisher={American Association for the Advancement of Science}
}
@article{bostock2011d3,
  title={D$^3$ data-driven documents},
  author={Bostock, Michael and Ogievetsky, Vadim and Heer, Jeffrey},
  journal={IEEE transactions on visualization and computer graphics},
  volume={17},
  number={12},
  pages={2301--2309},
  year={2011},
  publisher={IEEE}
}
